@inproceedings{heinrich2002fast,
  title={Fast obstacle detection using flow/depth constraint},
  author={Heinrich, Stefan},
  booktitle={Intelligent Vehicle Symposium, 2002. IEEE},
  volume={2},
  pages={658--665},
  year={2002},
  organization={IEEE}
}
@inproceedings{franke20056d,
  title={6d-vision: Fusion of stereo and motion for robust environment perception},
  author={Franke, Uwe and Rabe, Clemens and Badino, Hern{\'a}n and Gehrig, Stefan},
  booktitle={Joint Pattern Recognition Symposium},
  pages={216--223},
  year={2005},
  organization={Springer}
}
@inproceedings{benenson2011stixels,
  title={Stixels estimation without depth map computation},
  author={Benenson, Rodrigo and Timofte, Radu and Van Gool, Luc},
  booktitle={Computer Vision Workshops (ICCV Workshops), 2011 IEEE International Conference on},
  pages={2010--2017},
  year={2011},
  organization={IEEE}
}
@inproceedings{pfeiffer2010efficient,
  title={Efficient representation of traffic scenes by means of dynamic stixels},
  author={Pfeiffer, David and Franke, Uwe},
  booktitle={Intelligent Vehicles Symposium (IV), 2010 IEEE},
  pages={217--224},
  year={2010},
  organization={IEEE}
}
@inproceedings{redmon2016you,
  title={You only look once: Unified, real-time object detection},
  author={Redmon, Joseph and Divvala, Santosh and Girshick, Ross and Farhadi, Ali},
  booktitle={Proceedings of the IEEE Conference on Computer Vision and Pattern Recognition},
  pages={779--788},
  year={2016}
}

@inproceedings{labayrade2002real,
  title={Real time obstacle detection in stereovision on non flat road geometry through" v-disparity" representation},
  author={Labayrade, Raphael and Aubert, Didier and Tarel, J-P},
  booktitle={Intelligent Vehicle Symposium, 2002. IEEE},
  volume={2},
  pages={646--651},
  year={2002},
  organization={IEEE}
}

@inproceedings{broggi2006single,
  title={The single frame stereo vision system for reliable obstacle detection used during the 2005 DARPA grand challenge on TerraMax},
  author={Broggi, Alberto and Caraffi, Claudio and Porta, Pier Paolo and Zani, Paolo},
  booktitle={Intelligent Transportation Systems Conference, 2006. ITSC'06. IEEE},
  pages={745--752},
  year={2006},
  organization={IEEE}
}

@inproceedings{broggi2013terrain,
  title={Terrain mapping for off-road Autonomous Ground Vehicles using rational B-Spline surfaces and stereo vision},
  author={Broggi, Alberto and Cardarelli, Elena and Cattani, Stefano and Sabbatelli, Mario},
  booktitle={Intelligent Vehicles Symposium (IV), 2013 IEEE},
  pages={648--653},
  year={2013},
  organization={IEEE}
}

@inproceedings{pinggera2016lost,
  title={Lost and Found: detecting small road hazards for self-driving vehicles},
  author={Pinggera, Peter and Ramos, Sebastian and Gehrig, Stefan and Franke, Uwe and Rother, Carsten and Mester, Rudolf},
  booktitle={Intelligent Robots and Systems (IROS), 2016 IEEE/RSJ International Conference on},
  pages={1099--1106},
  year={2016},
  organization={IEEE}
}
@inproceedings{song2017real,
  title={Real-time lane detection and forward collision warning system based on stereo vision},
  author={Song, Wenjie and Fu, Mengyin and Yang, Yi and Wang, Meiling and Wang, Xinyu and Kornhauser, Alain},
  booktitle={Intelligent Vehicles Symposium (IV), 2017 IEEE},
  pages={493--498},
  year={2017},
  organization={IEEE}
}
@inproceedings{aly2008real,
  title={Real time detection of lane markers in urban streets},
  author={Aly, Mohamed},
  booktitle={Intelligent Vehicles Symposium, 2008 IEEE},
  pages={7--12},
  year={2008},
  organization={IEEE}
}
